<?xml version="1.0" encoding="UTF-8"?><record xmlns="http://www.loc.gov/MARC21/slim" xmlns:cinclude="http://apache.org/cocoon/include/1.0" xmlns:zs="http://www.loc.gov/zing/srw/">
  <leader>00561cz  a2200145n  4500</leader>
  <controlfield tag="001">n  00109299 </controlfield>
  <controlfield tag="003">DLC</controlfield>
  <controlfield tag="005">20001002153532.0</controlfield>
  <controlfield tag="008">001002n| acannaabn          |a aaa      </controlfield>
  <datafield tag="010" ind1=" " ind2=" ">
    <subfield code="a">n  00109299 </subfield>
  </datafield>
  <datafield tag="040" ind1=" " ind2=" ">
    <subfield code="a">DLC</subfield>
    <subfield code="b">eng</subfield>
    <subfield code="c">DLC</subfield>
  </datafield>
  <datafield tag="100" ind1="1" ind2=" ">
    <subfield code="a">Ramelli Arteaga, Alejandro</subfield>
  </datafield>
  <datafield tag="400" ind1="1" ind2=" ">
    <subfield code="a">Arteaga, Alejandro Ramelli</subfield>
  </datafield>
  <datafield tag="400" ind1="1" ind2=" ">
    <subfield code="a">Ramelli, Alejandro</subfield>
    <subfield code="q">(Ramelli Arteaga)</subfield>
  </datafield>
  <datafield tag="670" ind1=" " ind2=" ">
    <subfield code="a">Ramelli Arteaga, Alejandro. Derecho internacional humanitario y estado de beligerancia, 1999:</subfield>
    <subfield code="b">t.p. (Alejandro Ramelli Arteaga; CatedraĚtico Univ. Externado de Colombia) cover (Alejandro Ramelli)</subfield>
  </datafield>
</record>